<collection xmlns="http://www.loc.gov/MARC21/slim"><record><leader>00882nam  2200241   450</leader><controlfield tag="001">908</controlfield><controlfield tag="003">http://montalegre.opacnet.com/OPAC/default.aspx?ContentAreaControl=ShowRegHoldings.ascx&amp;RegNo=16662</controlfield><datafield tag="021" ind1=" " ind2=" "><subfield code="a">PT</subfield><subfield code="b">15542/87</subfield></datafield><datafield tag="095" ind1=" " ind2=" "><subfield code="a">PTBN00036832</subfield></datafield><datafield tag="100" ind1=" " ind2=" "><subfield code="a">19870731d1987    m  y0pory010305  ba</subfield></datafield><datafield tag="101" ind1="1" ind2=" "><subfield code="a">por</subfield><subfield code="c">eng</subfield></datafield><datafield tag="102" ind1=" " ind2=" "><subfield code="a">PT</subfield></datafield><datafield tag="200" ind1="1" ind2=" "><subfield code="a">Sayonara</subfield><subfield code="f">James A. Michener</subfield><subfield code="g">trad. Maria Isabel Braga</subfield></datafield><datafield tag="210" ind1=" " ind2=" "><subfield code="a">Mem Martins</subfield><subfield code="c">Europa-América</subfield><subfield code="d">D.L. 1987</subfield></datafield><datafield tag="215" ind1=" " ind2=" "><subfield code="a">188, [1] p.</subfield><subfield code="d">18 cm</subfield></datafield><datafield tag="225" ind1="2" ind2=" "><subfield code="a">Livros de bolso Europa-América</subfield><subfield code="v">484</subfield></datafield><datafield tag="304" ind1=" " ind2=" "><subfield code="a">Tít. orig. : Sayonara</subfield></datafield><datafield tag="325" ind1=" " ind2=" "><subfield code="a">Texto em braille. - Lisboa : BN, 1995. - 5 vol., integral ; 32 cm????</subfield></datafield><datafield tag="675" ind1=" " ind2=" "><subfield code="a">820(73)-31 Michener, James A.</subfield><subfield code="v">med</subfield><subfield code="z">por</subfield></datafield><datafield tag="700" ind1=" " ind2="1"><subfield code="a">Michener</subfield><subfield code="b">James A.</subfield><subfield code="f">1907-</subfield></datafield><datafield tag="702" ind1=" " ind2="1"><subfield code="a">Braga</subfield><subfield code="b">Maria Isabel Morna</subfield><subfield code="4">730</subfield></datafield><datafield tag="801" ind1=" " ind2="0"><subfield code="a">PT</subfield><subfield code="b">Biblioteca Municipal de Montalegre</subfield><subfield code="g">RPC</subfield></datafield><datafield tag="856" ind1=" " ind2=" "><subfield code="u">locateMedia.asp?cod=20060629121138&amp;ext=jpg</subfield><subfield code="z">CAPA</subfield></datafield><datafield tag="909" ind1="&#9;" ind2=" "><subfield code="a">1</subfield></datafield><datafield tag="966" ind1=" " ind2=" "><subfield code="a">0005452</subfield><subfield code="l">BMM</subfield><subfield code="s">SCG 821 MIC say 484</subfield></datafield></record></collection>